<?xml version="1.0" encoding="UTF-8"?><collection xmlns="http://www.loc.gov/MARC21/slim"><record><leader>00420nam--2200169-i-4500</leader><controlfield tag="001">000026951</controlfield><controlfield tag="002">20161230</controlfield><controlfield tag="005">20161230201036</controlfield><controlfield tag="008">060222s1000------------r-----000-0-eng-d</controlfield><datafield ind1=" " ind2=" " tag="040"><subfield code="a">IFIN-HH</subfield></datafield><datafield ind1=" " ind2=" " tag="080"><subfield code="a">535-31</subfield></datafield><datafield ind1="1" ind2=" " tag="100"><subfield code="a">Koller, Levis R</subfield></datafield><datafield ind1="1" ind2="0" tag="245"><subfield code="a">Ultraviolet radiation</subfield><subfield code="c">Levis r. koller</subfield></datafield><datafield ind1=" " ind2=" " tag="260"><subfield code="a">London</subfield><subfield code="b">Chapman &amp; Hall, Ltd</subfield></datafield><datafield ind1=" " ind2=" " tag="300"><subfield code="a">X + 270P</subfield></datafield><datafield ind1=" " ind2=" " tag="852"><subfield code="a">10318</subfield><subfield code="c">535.33</subfield></datafield><datafield ind1=" " ind2=" " tag="CAT"><subfield code="a">Sys</subfield><subfield code="c">20101130</subfield><subfield code="h">155615</subfield></datafield></record></collection>